@misc{mafda,
	title={mafda/generative_adversarial_networks_101},
	url={https://github.com/mafda/generative_adversarial_networks_101/blob/master/src/mnist/06_LSGAN_MNIST.ipynb},
	journal={GitHub},
	author={Mafda}
}

@misc{tensorflow,
	title={Introduction  |  TensorFlow},
	url={https://www.tensorflow.org/guide/low_level_intro},
	journal={TensorFlow}
}

@article{radford2015unsupervised,
	title={Unsupervised representation learning with deep convolutional generative adversarial networks},
	author={Radford, Alec and Metz, Luke and Chintala, Soumith},
	journal={arXiv preprint arXiv:1511.06434},
	year={2015}
}

@inproceedings{lsgan,
	title={Least squares generative adversarial networks},
	author={Mao, Xudong and Li, Qing and Xie, Haoran and Lau, Raymond YK and Wang, Zhen and Smolley, Stephen Paul},
	booktitle={Computer Vision (ICCV), 2017 IEEE International Conference on},
	pages={2813--2821},
	year={2017},
	organization={IEEE}
}

@article{botnetsurvey2015,
  title={A Survey on Botnet Architectures, Detection and Defences.},
  author={Mahmoud, Muhammad and Nir, Manjinder and Matrawy, Ashraf and others}
}

@inproceedings{botnetvan2018applying,
  title={Applying deep learning on packet flows for botnet detection},
  author={van Roosmalen, Jos and Vranken, Harald and van Eekelen, Marko},
  booktitle={Proceedings of the 33rd Annual ACM Symposium on Applied Computing},
  pages={1629--1636},
  year={2018},
  organization={ACM}
}

@article{batista2004balancing,
  title={A study of the behavior of several methods for balancing machine learning training data},
  author={Batista, Gustavo EAPA and Prati, Ronaldo C and Monard, Maria Carolina},
  journal={ACM SIGKDD explorations newsletter},
  volume={6},
  number={1},
  pages={20--29},
  year={2004},
  publisher={ACM}
}

@article{tomeklink1976,
  title={Two modifications of CNN},
  author={Tomek, Ivan},
  journal={IEEE Trans. Systems, Man and Cybernetics},
  volume={6},
  pages={769--772},
  year={1976}
}

@inproceedings{resnet,
  title={Deep residual learning for image recognition},
  author={He, Kaiming and Zhang, Xiangyu and Ren, Shaoqing and Sun, Jian},
  booktitle={Proceedings of the IEEE conference on computer vision and pattern recognition},
  pages={770--778},
  year={2016}
}

@article{vgg,
  title={Very deep convolutional networks for large-scale image recognition},
  author={Simonyan, Karen and Zisserman, Andrew},
  journal={arXiv preprint arXiv:1409.1556},
  year={2014}
}

@article{kudugunta2018bot,
  title={Deep Neural Networks for Bot Detection},
  author={Kudugunta, Sneha and Ferrara, Emilio},
  journal={arXiv preprint arXiv:1802.04289},
  year={2018}
}

@book{2016æºå¨å­¦ä¹ ,
  title={æºå¨å­¦ä¹ },
  author={å¨å¿å}
  isbn={9787302423287},
  url={https://books.google.co.jp/books?id=j0G8nQAACAAJ},
  year={2016},
  publisher={æ¸åå¤§å­¦åºçç¤¾}
}

@book{cover2005ä¿¡æ¯è®ºåºç¡,
  title={ä¿¡æ¯è®ºåºç¡},
  author={Cover, T.M. and Thomas, J.A.},
  isbn={9787111162452},
  series={çµå­ä¸çµæ°å·¥ç¨ä¸ä¹¦},
  url={https://books.google.com.hk/books?id=sgGYAAAACAAJ},
  year={2005},
  publisher={æºæ¢°å·¥ä¸åºçç¤¾}
}

@inproceedings{rice2018patel,
  title={Convolutional neural network with transfer learning for rice type classification},
  author={Patel, Vaibhav Amit and Joshi, Manjunath V},
  booktitle={Tenth International Conference on Machine Vision (ICMV 2017)},
  volume={10696},
  pages={1069613},
  year={2018},
  organization={International Society for Optics and Photonics}
}


@article{networkinnetwor2013,
  title={Network in network},
  author={Lin, Min and Chen, Qiang and Yan, Shuicheng},
  journal={arXiv preprint arXiv:1312.4400},
  year={2013}
}

@article{æ¹æ»¨å´2018å®ä¹ç½ç»ç©ºé´å®å¨,
  title={å®ä¹ç½ç»ç©ºé´å®å¨},
  author={æ¹æ»¨å´},
  journal={ç½ç»ä¸ä¿¡æ¯å®å¨å­¦æ¥},
  number={1},
  year={2018},
}

@article{2018ä¸­å½äºèç½ç»åå±ç¶åµç»è®¡æ¥å,
  title={ä¸­å½äºèç½ç»åå±ç¶åµç»è®¡æ¥å},
  journal={ä¸­å½ç§æä¿¡æ¯},
  number={5},
  pages={6-7},
  year={2018},
}
@article{cyclegan,
  title={Unpaired image-to-image translation using cycle-consistent adversarial networks},
  author={Zhu, Jun-Yan and Park, Taesung and Isola, Phillip and Efros, Alexei A},
  journal={arXiv preprint},
  year={2017}
}
@inproceedings{johnson2016perceptual,
  title={Perceptual losses for real-time style transfer and super-resolution},
  author={Johnson, Justin and Alahi, Alexandre and Fei-Fei, Li},
  booktitle={European Conference on Computer Vision},
  pages={694--711},
  year={2016},
  organization={Springer}
}
@article{pix2pix,
  title={Image-to-image translation with conditional adversarial networks},
  author={Isola, Phillip and Zhu, Jun-Yan and Zhou, Tinghui and Efros, Alexei A},
  journal={arXiv preprint},
  year={2017}
}
@article{yu2016big,
  title={Big privacy: Challenges and opportunities of privacy study in the age of big data},
  author={Yu, Shui},
  journal={IEEE access},
  volume={4},
  pages={2751--2763},
  year={2016},
  publisher={IEEE}
}

@inproceedings{alexnet,
  title={Imagenet classification with deep convolutional neural networks},
  author={Krizhevsky, Alex and Sutskever, Ilya and Hinton, Geoffrey E},
  booktitle={Advances in neural information processing systems},
  pages={1097--1105},
  year={2012}
}

@article{k-anonymity,
  title={k-anonymity: A model for protecting privacy},
  author={Sweeney, Latanya},
  journal={International Journal of Uncertainty, Fuzziness and Knowledge-Based Systems},
  volume={10},
  number={05},
  pages={557--570},
  year={2002},
  publisher={World Scientific}
}

@inproceedings{l-diversity,
  title={$\backslash$ell-Diversity: Privacy Beyond$\backslash$kappa-Anonymity},
  author={Machanavajjhala, Ashwin and Gehrke, Johannes and Kifer, Daniel and Venkitasubramaniam, Muthuramakrishnan},
  booktitle={null},
  pages={24},
  year={2006},
  organization={IEEE}
}

@article{samarati2001,
  title={Protecting respondents identities in microdata release},
  author={Samarati, Pierangela},
  journal={IEEE transactions on Knowledge and Data Engineering},
  volume={13},
  number={6},
  pages={1010--1027},
  year={2001},
  publisher={IEEE}
}

@inproceedings{incognito,
  title={Incognito: Efficient full-domain k-anonymity},
  author={LeFevre, Kristen and DeWitt, David J and Ramakrishnan, Raghu},
  booktitle={Proceedings of the 2005 ACM SIGMOD international conference on Management of data},
  pages={49--60},
  year={2005},
  organization={ACM}
}

@inproceedings{mondrian,
  title={Mondrian multidimensional k-anonymity},
  author={LeFevre, Kristen and DeWitt, David J and Ramakrishnan, Raghu},
  booktitle={null},
  pages={25},
  year={2006},
  organization={IEEE}
}

@inproceedings{bayardo2005,
  title={Data privacy through optimal k-anonymization},
  author={Bayardo, Roberto J and Agrawal, Rakesh},
  booktitle={null},
  pages={217--228},
  year={2005},
  organization={IEEE}
}

@inproceedings{iyengar2002,
  title={Transforming data to satisfy privacy constraints},
  author={Iyengar, Vijay S},
  booktitle={Proceedings of the eighth ACM SIGKDD international conference on Knowledge discovery and data mining},
  pages={279--288},
  year={2002},
  organization={ACM}
}

@article{熊平2014,
  title={差分隐私保护及其应用},
  author={熊平 and 朱天清 and 王晓峰},
  journal={计算机学报},
  volume={37},
  number={1},
  pages={101--122},
  year={2014}
}

@inproceedings{shokri2015ppdl,
  title={Privacy-preserving deep learning},
  author={Shokri, Reza and Shmatikov, Vitaly},
  booktitle={Proceedings of the 22nd ACM SIGSAC conference on computer and communications security},
  pages={1310--1321},
  year={2015},
  organization={ACM}
}

@inproceedings{abadi2016deep,
  title={Deep learning with differential privacy},
  author={Abadi, Martin and Chu, Andy and Goodfellow, Ian and McMahan, H Brendan and Mironov, Ilya and Talwar, Kunal and Zhang, Li},
  booktitle={Proceedings of the 2016 ACM SIGSAC Conference on Computer and Communications Security},
  pages={308--318},
  year={2016},
  organization={ACM}
}

@article{dwork2014algorithmic,
  title={The algorithmic foundations of differential privacy},
  author={Dwork, Cynthia and Roth, Aaron and others},
  journal={Foundations and Trends{\textregistered} in Theoretical Computer Science},
  volume={9},
  number={3--4},
  pages={211--407},
  year={2014},
  publisher={Now Publishers, Inc.}
}

@inproceedings{arden,
  title={Not just privacy: Improving performance of private deep learning in mobile cloud},
  author={Wang, Ji and Zhang, Jianguo and Bao, Weidong and Zhu, Xiaomin and Cao, Bokai and Yu, Philip S},
  booktitle={Proceedings of the 24th ACM SIGKDD International Conference on Knowledge Discovery \& Data Mining},
  pages={2407--2416},
  year={2018},
  organization={ACM}
}

@article{2018本地化差分隐私研究综述,
  title={本地化差分隐私研究综述},
  author={叶青青 and 孟小峰 and 朱敏杰 and 霍峥 and others},
  journal={软件学报},
  number={2018 年 07},
  pages={1981--2005},
  year={2018},
  publisher={中国科学院软件研究所| 中国计算机学会}
}

@inproceedings{pittaluga2019learning,
  title={Learning privacy preserving encodings through adversarial training},
  author={Pittaluga, Francesco and Koppal, Sanjeev and Chakrabarti, Ayan},
  booktitle={2019 IEEE Winter Conference on Applications of Computer Vision (WACV)},
  pages={791--799},
  year={2019},
  organization={IEEE}
}

@inproceedings{gpgan2018,
  title={Gp-gan: Gender preserving gan for synthesizing faces from landmarks},
  author={Di, Xing and Sindagi, Vishwanath A and Patel, Vishal M},
  booktitle={2018 24th International Conference on Pattern Recognition (ICPR)},
  pages={1079--1084},
  year={2018},
  organization={IEEE}
}
@inproceedings{deepfool,
  title={Deepfool: a simple and accurate method to fool deep neural networks},
  author={Moosavi-Dezfooli, Seyed-Mohsen and Fawzi, Alhussein and Frossard, Pascal},
  booktitle={Proceedings of the IEEE conference on computer vision and pattern recognition},
  pages={2574--2582},
  year={2016}
}

@book{2016机器学习,
  title={机器学习},
  author={周志华},
  year={2016},
  publisher={Qing hua da xue chu ban she}
}

@inproceedings{raval2017protecting,
  title={Protecting visual secrets using adversarial nets},
  author={Raval, Nisarg and Machanavajjhala, Ashwin and Cox, Landon P},
  booktitle={2017 IEEE Conference on Computer Vision and Pattern Recognition Workshops (CVPRW)},
  pages={1329--1332},
  year={2017},
  organization={IEEE}
}

@inproceedings{centerloss,
  title={A discriminative feature learning approach for deep face recognition},
  author={Wen, Yandong and Zhang, Kaipeng and Li, Zhifeng and Qiao, Yu},
  booktitle={European conference on computer vision},
  pages={499--515},
  year={2016},
  organization={Springer}
}